@Online {StreetElementsToolbox,
    url = {https://dot.ca.gov/-/media/dot-media/programs/transportation-planning/documents/f0020348_complete-streets-elements-toolbox-a11y.pdf},
    year = {2018},
    title = {Complete Streets Elements Toolbox Version 2.0},
    author = {Caltrans},
}
@book{roadTrafficModeling,
    author = "Fouzi Harrou and Abdelhafid Zeroual and Mohamad Mazen Hittawe and Ying Sun",
    title = "Road Traffic Modeling and Management",
    publisher = "Elsevier",
    year = "2022",
}
@Online {CADMVDrivingManual,
url = {https://www.dmv.ca.gov/portal/handbook/california-driver-handbook/},
year = {2023},
title = {California Drivers Handbook},
author = {California Department of Motor Vehicles}
}
@Online {CompleteIntersections,
url = {https://dot.ca.gov/-/media/dot-media/programs/safety-programs/documents/ped-bike/f0018151-intersection-guide-bicycles-pedestrians-a11y.pdf},
year = {2010},
title = {Complete Intersections: A Guide to Reconstructing Intersections and Interchanges for Bicyclists and Pedestrians},
Author = {California Department of Transportation},
}
@book{GeometricDesign,
    author = {American Association of State Highway and Transportation Officials},
    title = {Geometric Design of Highways and Streets},
    publisher = {American Association of State Highway and Transportation Officials},
    year = {2004}
}
@Online{UnityManual,
    url = {https://docs.unity3d.com/Manual/index.html},
    title = {Unity Documentation},
    year = {2023}
}
